@MISC{webots,
    AUTHOR = {Webots},
    TITLE = {http://www.cyberbotics.com},
    NOTE = {Commercial Mobile Robot Simulation Software},
    EDITOR = {Cyberbotics Ltd.},
    URL = {http://www.cyberbotics.com}
}

@ARTICLE{bonani,
    AUTHOR = {Mondada, F. and Bonani, M. and Raemy, X. and Pugh, J. and Cianci, C.
        and Klaptocz, A. and Magnenat, S. and Zufferey, J.-C. and Floreano, D. and
        Martinoli, A.},
    YEAR = {2009},
    TITLE = {The e-puck, a Robot Designed for Education in Engineering},
    JOURNAL = {Proceedings of the 9th Conference on Autonomous Robot Systems and Competitions},
    PAGES = {59--65}
}
